@online{OrangeDigitalCenter,
  title   = {Orange Digital Center Official Website},
  author  = {ODC, Inc},
  url     = {https://www.orangedigitalcenters.com},
  urldate = {04/05/2024}
}
